3406 5534
234 552 316 674 piis
333 547 565 658 impensis,-
580 572 713 662 seque
733 544 941 633 mattistro
960 562 1001 628 et
1022 541 1216 646 duetore,
1262 539 1469 627 llfliebna-

232 690 438 778 ncnsiurn
459 685 700 800 vegetantia
721 702 763 767 et.
783 682 1018 767 animantia
1037 681 1363 799 qtnnnplnrirna
1388 680 1472 767 rol·

231 827 460 942 legeret-ac
478 821 756 939 descripserit
779 887 790 922 ,
815 821 1018 933 ejusdem
1055 818 1232 907 ditionis
1266 819 1471 907 Estodr'se

205 942 211 960 ¹
235 972 365 1053 ticam
381 960 694 1080 composuerit,
713 988 764 1044 ac
780 956 1120 1074 geographicam
1143 955 1340 1041 chartam
1358 986 1478 1074 mag·

168 1118 175 1129 '
237 1128 292 1191 na
312 1122 507 1219 exparte
539 1096 782 1195 invenerit,
819 1116 947 1213 atque
970 1095 1186 1193 ¹industrie
1221 1094 1474 1183 elaborave-

235 1243 307 1329 rit.
336 1239 529 1327 Pulchra
547 1256 648 1325 sunt
667 1236 790 1334 haec,
817 1236 1036 1351 dignaque
1061 1255 1106 1320 ut
1125 1233 1312 1319 sommis
1330 1266 1477 1351 prose·

244 1398 437 1496 quantur
465 1376 683 1472 laudibus,
708 1375 784 1458 sed
816 1370 1044 1487 pulchrius
1070 1373 1295 1486 magisque
1320 1374 1478 1485 glorio·

239 1547 357 1618 sum,
374 1545 417 1603 se
436 1533 581 1600 totum
594 1510 860 1626 reipubl-icae.
876 1507 1094 1609 conferre,
1111 1510 1294 1595 salutem
1311 1511 1478 1599 civium
1507 1535 1509 1539 ’
1581 1541 1584 1547 ·

239 1686 291 1743 ar
329 1655 564 1738 commoda
598 1674 858 1768 procurare,
894 1679 937 1734 se
975 1677 1140 1764 suaque
1176 1646 1390 1750 oblivisci,
1430 1667 1480 1736 ut

243 1789 556 1879 communibus
584 1786 839 1873 consolatur
856 1784 1122 1901 rationibus;
1157 1816 1268 1901 quae
1294 1786 1477 1902 quidem

226 1928 390 2016 'onmia
410 1925 682 2013 tantaanimi
702 1923 980 2009 contentione
1004 1922 1048 2008 in
1068 1914 1155 2009 rita
1174 1900 1364 2011 Lexarza
1384 1957 1478 2042 per·
1579 1936 1581 1941 ’

241 2066 375 2169 feeit,
411 2062 625 2182 utpotins
644 2082 780 2179 quam
814 2063 854 2145 vi
870 2060 1051 2163 tuorbi,
1082 2060 1251 2149 laboris
1277 2065 1477 2180 ,pondere

242 2208 428 2294 obrutus
449 2234 498 2287 ac
519 2201 715 2288 sublatus
735 2197 950 2316 predicari
972 2200 1120 2315 possit.
1196 2269 1198 2272 .
1306 2312 1310 2322 ῃ

332 2340 532 2441 adhaec
552 2338 854 2423 honoresnon
889 2337 1009 2452 petiit
1031 2367 1133 2423 cum
1162 2357 1374 2455 paterent,
1402 2342 1492 2433 sed·

244 2479 362 2569 ultro
396 2479 434 2563 ei
471 2480 494 2563 a
529 2475 798 2574 concivibus,
839 2472 1192 2592 reipublicaeque
1233 2477 1479 2566 rectoribus

245 2637 400 2734 sponte
422 2613 553 2701 delati
570 2631 684 2701 sunt.
714 2609 787 2699 Sir.
821 2632 887 2698 ter
905 2643 1007 2699 eum
1035 2607 1334 2702 vallisoletani
1361 2617 1476 2705 elec·
1531 2683 1535 2689 -

245 2775 388 2842 torem
422 2751 679 2868 popularem
718 2746 1057 2850 constituerunt,
1094 2771 1136 2839 et
1166 2754 1316 2841 aedilis
1339 2755 1480 2843 factus
1607 2829 1610 2834 .

246 2912 323 2989 est,
346 2912 388 2977 et.
409 2889 599 3001 conlegii·
617 2887 895 3004 provincialis
921 2884 1010 2975 Vll
1042 2889 1122 2991 rir,
1148 2921 1198 2976 ac
1221 2897 1396 2980 tandem
1420 2897 1480 2986 ad
1606 2953 1608 2957 ,

244 3029 514 3144 Supremam
528 3023 943 3112 Mirhuacanensetn
954 3050 1222 3116 conventum
1239 3031 1476 3148 apellatus3

231 3169 333 3283 ¹jam
354 3164 458 3250 vero
481 3183 524 3248 et
545 3161 673 3274 Tejas
699 3164 1032 3277 praefecturam,
1062 3185 1104 3252 et
1126 3169 1479 3263 honorificentis-

239 3303 456 3393 simarum
482 3298 749 3413 legationum
776 3303 801 3386 a
828 3303 1003 3388 seeretis
1034 3335 1148 3408 esse,
1186 3309 1396 3423 quoniam
1431 3310 1478 3399 id

247 3441 465 3531 dimittere
496 3437 675 3541 licebat,
711 3438 938 3527 recusavit.
971 3438 1184 3545 Militiae,
1219 3475 1324 3537 cum
1363 3451 1479 3535 inter

247 3576 584 3696 puerosadhuc
617 3596 882 3679 versaretur,
921 3579 1021 3664 licet
1057 3581 1222 3694 ingenii
1257 3583 1477 3674 docilitate

251 3715 599 3830 dulcissimisque
630 3712 945 3801 reluctantibus
981 3717 1180 3804 moribus
1205 3720 1475 3838 adscriptus,

252 3859 307 3941 ad
320 3853 629 3963 pmchittarcht
649 3851 836 3966 gradu-tn
865 3870 1047 3951 mature,
1083 3887 1164 3941 nec
1184 3857 1478 3950 interredente

248 3992 398 4087 lavore
420 3989 631 4108 pervenit,
652 4008 844 4106 tuncque
860 3992 926 4076 uti
946 3990 1131 4081 vicarius
1146 3993 1329 4110 collegio
1349 4029 1479 4118 coop-

126 4154 132 4177 ¹
251 4140 366 4219 tatus
401 4147 464 4214 est
483 4126 553 4215 cui
586 4122 828 4213 castrorum
866 4127 1134 4244 praefectura
1172 4134 1473 4240 commititur,

250 4246 610 4383 itinerariumqne
629 4264 813 4351 militare
836 4266 1020 4382 scripsit,
1042 4269 1161 4382 quod
1180 4301 1353 4359 summa
1372 4302 1477 4359 cum

251 4404 379 4493 laude
399 4418 632 4519 supremus
662 4404 723 4488 rei
744 4400 920 4492 bellicae
938 4425 1110 4493 senatus
1133 4410 1317 4527 excepit,
1344 4407 1476 4529 atque

252 4543 470 4664 probavit.⁴
504 4538 720 4651 Settflante
753 4573 885 4659 quam
916 4542 1049 4630 linem
1082 4543 1263 4645 faciam,
1293 4555 1477 4650 (vereor
1556 4575 1560 4581 ’

252 4682 369 4769 enim
390 4711 442 4765 ne
463 4710 564 4766 cum
585 4664 679 4775 talis
698 4709 903 4795 personae
928 4683 1191 4798 amplificare
1218 4684 1365 4782 velim,
1384 4688 1475 4776 mie

251 4822 619 4948 nuamgloriam)
644 4820 754 4909 illud
777 4854 918 4921 uuum
947 4825 1129 4913 minime
1148 4824 1477 4942 pretermittens
1604 4848 1606 4853 ·
