3406 5534
233 1360 481 1545 Jotnntts
510 1474 922 1555 taxatam-mecum
951 1458 1143 1555 amicitia
1181 1440 1465 1577 conjunctus,

240 1626 291 1683 ac
311 1598 357 1681 in
378 1595 691 1683 fasciculorum
710 1596 1036 1683 elucubratione
1064 1597 1357 1709 collaborator
1377 1600 1471 1715 dili

240 1734 517 1851 gratissimus
535 1752 578 1819 et
598 1733 1012 1851 experientissimus,
1034 1765 1141 1849 cum
1156 1735 1470 1829 Orchidtbnum

229 1873 330 1985 ejus
349 1870 615 1988 opuseulum
632 1872 714 1957 snb
735 1872 885 1989 praelo
903 1872 989 1985 jam
1008 1892 1131 1975 esset,
1154 1876 1402 1991 novamque.
1420 1874 1468 1962 in

237 2028 464 2125 posterum
495 2008 744 2123 plantarum
768 2008 1082 2125 supellectilem
1111 2031 1296 2123 pararet,
1331 2012 1378 2095 in
1398 2011 1471 2101 eliz

235 2177 338 2233 rum
357 2176 409 2231 ac
433 2146 693 2233 diuturnum
713 2145 954 2262 implicitus
977 2148 1202 2250 morbum,
1223 2179 1274 2234 ao
1289 2150 1468 2239 tandem

235 2285 403 2369 viribus
437 2283 638 2399 postratis
658 2314 708 2369 ac
737 2285 909 2401 penitus
943 2305 1244 2400 consumptus,
1278 2285 1470 2401 calendis
1678 2308 1685 2313 ·

234 2424 493 2539 septembris
510 2422 615 2513 anni
633 2422 868 2539 superioris
890 2421 1069 2507 excessit
1089 2426 1112 2507 ὲ
1132 2422 1254 2509 vivis.
1288 2419 1467 2509 Extinc-

230 2577 331 2645 tum
351 2580 415 2645 est.
434 2558 552 2674 apud
574 2590 653 2645 nos
674 2558 900 2645 botanicae
920 2559 1070 2643 lumen
1085 2593 1108 2667 ς.
1126 2557 1247 2673 luget
1266 2556 1469 2647 Michua·

235 2724 365 2785 cartae
391 2716 632 2783 conventus
650 2697 812 2797 virum,
836 2726 993 2812 quaem
1017 2697 1180 2811 patriae
1200 2717 1369 2815 patrem
1396 2699 1465 2785 de·

236 2852 304 2917 cet
322 2832 521 2949 apellare,
540 2863 712 2948 nosque
732 2863 884 2918 omues
903 2834 958 2917 ael
986 2864 1097 2949 quos
1119 2854 1190 2919 tan
1211 2834 1379 2919 erueriti
1402 2836 1465 2921 ci·
1499 2895 1504 2903 ι

234 2973 299 3058 vis
329 2971 484 3055 notitia
518 2969 738 3085 pervenit,
776 2968 881 3053 huic
910 2999 1059 3084 parem
1095 2969 1171 3054 diu
1195 2971 1467 3057 desiderabi-

234 3098 347 3195 mus.
379 3105 465 3192 Sed
493 3110 545 3192 ab
566 3106 689 3192 initio
710 3125 772 3192 cst
789 3106 1068 3193 ordiendum.
1104 3104 1298 3193 Lexarza
1324 3104 1464 3195 Valli-

234 3241 806 3333 soletiblichuacanensium
823 3273 937 3329 aucto
966 3244 1464 3361 milessimoseptingeu-

236 3382 713 3495 tessimooctogessimo
729 3383 883 3497 quirun
902 3386 924 3466 ὲ
946 3380 1108 3467 l'atuilia
1123 3413 1278 3495 genere
1300 3403 1341 3468 et
1365 3385 1463 3499 opi·

235 3522 318 3608 bus
349 3519 509 3605 valenti
541 3519 682 3631 editus
713 3537 790 3619 est,
825 3537 955 3632 atque
987 3517 1112 3603 initio
1133 3518 1200 3604 his
1220 3518 1457 3625 doctrinis,

236 3658 394 3775 quibus
411 3657 600 3768 ingenua
629 3644 813 3770 pueritia¹
836 3655 1056 3768 ‚impertiri
1075 3655 1199 3757 solet,
1223 3678 1321 3771 post
1352 3690 1461 3747 vero

236 3792 631 3908 Peripateticorum
660 3788 966 3905 Philosophiae
1007 3790 1096 3892 (sic
1127 3794 1244 3877 euim
1282 3794 1461 3882 illorum

235 3951 488 4046 temporum
518 3928 714 4017 conditio
731 3926 916 4033 ferebat)
945 3928 1130 4029 deditus,
1161 3931 1319 4018 nobilis
1347 3935 1462 4033 inter

231 4069 434 4187 aequales
465 4067 788 4167 aestimabatur,
818 4063 1108 4182 facillimeque
1137 4068 1461 4187 condiscipulos

236 4208 531 4295 antecellebat.
566 4202 898 4291 Duodecimum
916 4204 1063 4289 aetatis
1091 4210 1241 4314 agebat
1261 4236 1455 4315 anuum,
1531 4278 1535 4283 .

239 4376 340 4432 cum
376 4346 431 4431 ad
456 4344 565 4431 illud
594 4344 870 4429 mexicannm
893 4340 1076 4451 lli-ceum
1104 4320 1334 4458 translatus
1364 4367 1454 4454 est,

236 4485 310 4569 cui
330 4514 582 4571 maxumam
604 4510 818 4598 ¹peperere
841 4476 1147 4581 celebritatem,
1182 4501 1222 4565 et
1254 4481 1460 4599 hispanus

235 4617 405 4721 Dulcio,
431 4620 507 4737 qni
524 4650 696 4707 summa
717 4650 819 4705 cum
833 4616 964 4733 ,laude
987 4618 1160 4737 triginta
1180 4618 1233 4735 ab
1255 4598 1356 4743 binc
1378 4650 1460 4705 an·

228 4760 305 4849 nis
321 4760 651 4876 mineralogiarn
672 4755 922 4879 profitetur,
938 4777 991 4875 ct
1004 4752 1186 4877 Quiza,
1209 4750 1399 4887 Cltotcl,
1413 4778 1462 4889 :et
