3398 5828
227 528 334 617 dnm
355 545 431 627 est,
455 525 575 645 quod
589 521 829 614 Lexarzam
845 527 1038 615 maxime
1051 546 1184 616 ornat
1198 549 1326 648 atque
1344 552 1465 638 eom-
1511 508 1512 512 Ν

158 652 168 681 's
224 670 428 767 mendax,
482 668 691 786 quodque
742 699 830 754 unu
861 669 953 754 ictu
998 687 1187 785 quautus
1234 670 1461 788 qualisque

131 814 135 819 ⁴
221 817 354 908 fuerit
374 829 559 905 ostentat
578 808 871 926 apertissime:
905 808 1112 924 equidem
1130 809 1198 893 vir
1215 809 1457 917 modestus,
1576 886 1579 891 .

224 944 486 1070 temperans,
511 951 781 1051 mitissimus,
804 978 884 1034 nec
900 946 1061 1033 audaci
1085 947 1306 1065 praeditus
1339 969 1461 1037 natu·

222 1122 287 1191 ra,
314 1098 473 1208 patriae.
493 1112 639 1176 tamen
670 1089 858 1201 agitatus
885 1116 1050 1187 amore,
1086 1085 1297 1173 libertatis
1317 1107 1460 1203 partes
1514 1109 1517 1113 '

101 1292 104 1301 ·
222 1230 524 1316 ardentissime
543 1226 812 1341 amplexatus
832 1244 909 1328 est,
932 1245 1062 1341 atquo
1090 1226 1274 1340 optimis·
1299 1246 1341 1313 et
1360 1227 1454 1313 ani-

221 1368 356 1455 mosis
376 1365 638 1450 seeundatus
662 1364 843 1463 civibus,
872 1362 1190 1448 iturbidiauurn
1224 1365 1342 1479 apud
1363 1363 1456 1452 Mi·-

220 1505 543 1598 ehuaeauenses
568 1499 808 1621 imperium
835 1499 1149 1604 labefactatus
1167 1499 1456 1620 funditusque

220 1657 387 1727 evertit.
678 1752 681 1756 ‚

277 1874 283 1883 ‚
303 1777 495 1865 Lexarza
513 1778 648 1892 igitur
667 1775 1036 1891 praestantissimo
1069 1794 1199 1892 atque
1217 1778 1452 1894 incompo-

217 1914 351 2003 rabili·
364 1915 558 2002 extincto
576 1914 684 2014 dive,
704 1914 857 2031 'gquid
877 1912 996 1998 aliud
1012 1932 1155 2014 restat,
1173 1915 1256 2000 nisi
1275 1924 1325 2000 ut
1338 1917 1454 2002 illius

214 2053 476 2141 memoriam
515 2052 800 2170 quantumin
833 2054 959 2139 nobis
989 2054 1335 2155 sit-decoremus,
1371 2074 1451 2141 ut-

217 2224 301 2311 que
320 2191 614 2278 immortalem
642 2191 687 2274 in
717 2189 836 2276 fastis
855 2190 1006 2276 saltem
1040 2193 1268 2278 botanieae
1289 2193 1448 2281 redda-

210 2331 336 2415 mus?
370 2329 492 2446 quod
512 2327 722 2443 proferto,
753 2328 850 2440 geni
871 2330 1015 2442 potius
1036 2359 1169 2444 qnam
1195 2329 1321 2430 miti,
1344 2330 1449 2415 ami·

213 2498 282 2569 co,
324 2465 653 2567 collaboratori,
685 2486 726 2548 et
759 2467 1119 2561 orchidianarum
1148 2470 1239 2581 ejus
1267 2470 1449 2565 iconum

211 2623 392 2690 naturae
414 2602 632 2687 coloribus
652 2631 951 2716 expressarum
970 2603 1161 2698 haeredi„
1175 2626 1250 2689 aut
1269 2608 1447 2722 quando
1498 2657 1501 2661 ·

211 2742 350 2854 magis
370 2740 675 2854 usurpandum
696 2757 772 2838 est,
808 2737 944 2854 qnam
964 2769 1065 2825 rum
1094 2740 1256 2827 editam
1278 2738 1445 2831 Stadis-

209 2884 344 2968 tieam
369 2882 466 2995 ejus
497 2880 713 2978 vidimus,
739 2876 1149 2994 ¹orchidianumque
1178 2880 1444 2995 opusculum

202 3021 295 3107 ‘hoe
316 3018 524 3103 fusticulo
544 3017 753 3101 traditum
785 3015 1068 3100 exhibemus?
1096 3010 1223 3123 Quae
1260 3047 1362 3101 eum
1383 3019 1442 3104 ita

211 3159 298 3244 sint
317 3155 464 3241 officio
502 3184 570 3239 me
588 3152 840 3238 satisfecisse
860 3173 1056 3236 aestumo
1073 3216 1084 3250 ,
1099 3134 1212 3235 eum
1248 3152 1443 3269 plantam

199 3295 379 3380 nomini
411 3296 501 3409 ejus
537 3284 778 3403 nuttuupos
799 3309 960 3374 statura
991 3320 1234 3404 proteram,
1258 3291 1441 3380 floribus

193 3446 409 3518 ‘ornatam
429 3428 755 3525 odoratissimis
793 3425 953 3509 familia
982 3425 1248 3536 singularem
1279 3431 1437 3514 admo,-

208 3568 332 3666 dum,
358 3564 650 3678 omnibusque
671 3562 864 3646 numeris
883 3592 1042 3660 raram,
1077 3581 1119 3646 at
1137 3564 1436 3673 magnificam:
1532 3600 1535 3605 ·

204 3703 366 3791 etenim
381 3701 645 3819 piramidalis
659 3698 852 3784 funebris
868 3701 1035 3786 arboris
1053 3722 1265 3816 aspertus,
1287 3724 1331 3790 et
1348 3705 1439 3794 iuu-¹

200 3863 304 3931 tum
324 3863 523 3928 nostrum
546 3840 764 3955 exprimit,
794 3859 836 3922 et
856 3839 975 3954 quod
1003 3840 1242 3952 gloriosum
1267 3840 1327 3927 itti
1348 3874 1432 3931 no-

205 4014 323 4070 men.
347 4000 653 4093 aeternamque
675 3978 921 4061 beatitatem
952 3997 1219 4092 exoptamus.
1268 3976 1433 4068 Mexiui

76 4212 79 4217 .
204 4121 351 4231 idibus
370 4116 571 4208 tannarii
588 4116 693 4206 artui
711 4109 1095 4208 MDCCCXXV.
